%% This BibTeX bibliography file was created using BibDesk.
%% http://bibdesk.sourceforge.net/

%% Created for Said Kassner at 2021-10-24 23:38:30 +0200 


%% Saved with string encoding Unicode (UTF-8) 



@article{hunt,
	author = {Gilbert Agnew Hunt},
	date-added = {2021-10-24 23:35:42 +0200},
	date-modified = {2021-10-24 23:38:26 +0200},
	journal = {Illinois Journal of Mathematics},
	pages = {44-93},
	title = {Markoff processes and potentials I},
	volume = {1},
	year = {1957}}

@article{doob_article,
	author = {Joseph Leo Doob},
	date-added = {2021-10-24 23:10:35 +0200},
	date-modified = {2021-10-24 23:13:27 +0200},
	journal = {Transactions of the American Mathematical Society},
	pages = {86-121},
	title = {Semimartingales and subharmonic functions},
	url = {https://doi.org/10.1090/S0002-9947-1954-0064347-X},
	volume = {77},
	year = {1954},
	bdsk-url-1 = {https://doi.org/10.1090/S0002-9947-1954-0064347-X}}

@book{doob_potential,
	address = {Berlin, Heidelberg},
	author = {Joseph Leo Doob},
	date-added = {2021-10-24 22:03:43 +0200},
	date-modified = {2021-10-24 23:13:27 +0200},
	publisher = {Springer-Verlag},
	series = {Classics in Mathematics},
	title = {Classical Potential Theory and Its Probabilistic Counterpart},
	year = {2001},
	note = {Note: The book was originally published in 1984.}
	}

@book{dellacherie,
	address = {Amsterdam, New York, Oxford},
	author = {Claude Dellacherie AND Paul-Andr{\'e} Meyer},
	date-added = {2021-10-24 20:53:53 +0200},
	date-modified = {2021-10-24 20:57:12 +0200},
	publisher = {North-Holland Publishing Company},
	series = {North-Holland Mathematics Studies},
	title = {Probabilities and Potential},
	year = {1978}}

@book{AE_analysis1,
	address = {Basel},
	author = {Herbert Amann and Joachim Escher},
	date-added = {2021-10-20 14:12:04 +0200},
	date-modified = {2021-10-20 14:14:26 +0200},
	edition = {3},
	publisher = {Birkh{\"a}user Verlag},
	series = {Grundstudium Mathematik},
	title = {Analysis I},
	year = {2006}}

@book{bourbaki,
	address = {Berlin, Heidelberg},
	author = {Nicolas Bourbaki},
	date-added = {2021-10-18 23:08:27 +0200},
	date-modified = {2021-10-18 23:12:17 +0200},
	edition = {1},
	publisher = {Springer-Verlag},
	series = {Elements of Mathematics},
	subtitle = {Chapters 1-4},
	title = {General Topology},
	year = {1995}}

@book{armstrong,
	address = {New York},
	author = {Mark A. Armstrong},
	date-added = {2021-10-16 17:51:13 +0200},
	date-modified = {2021-10-16 17:52:26 +0200},
	publisher = {Springer-Verlag},
	series = {Undergraduate Texts in Mathematics},
	title = {Basic Topology},
	year = {1983}}

@book{halmos,
	address = {New York},
	author = {Paul R. Halmos},
	date-added = {2021-10-16 15:56:15 +0200},
	date-modified = {2021-10-16 15:57:55 +0200},
	edition = {1},
	publisher = {Springer-Verlag},
	series = {Graduate Texts in Mathematics},
	title = {Measure Theory},
	year = {1950}}

@book{karatzas,
	address = {New York},
	author = {Ioannis Karatzas AND Steven Shreve},
	date-added = {2021-10-14 21:29:46 +0200},
	date-modified = {2021-10-14 21:31:20 +0200},
	edition = {2},
	publisher = {Springer-Verlag},
	series = {Graduate Texts in Mathematics},
	title = {Brownian Motion and Stochastic Calculus},
	year = {1998}}

@article{bass2,
	author = {Richard F. Bass},
	date-added = {2021-10-13 13:15:08 +0200},
	date-modified = {2021-10-13 13:49:12 +0200},
	journal = {Electronic Communications in Probability},
	keywords = {stopping time, hitting time, progressively measurable, optional, predictable, debut theorem, section theorem},
	pages = {189--191},
	title = {Correction to ``The measurability of hitting times"},
	url = {https://doi.org/10.1214/ECP.v16-1627},
	volume = {16},
	year = {2011},
	bdsk-url-1 = {https://doi.org/10.1214/ECP.v16-1627}}

@article{bass1,
	author = {Richard F. Bass},
	date-added = {2021-10-13 13:06:33 +0200},
	date-modified = {2021-10-13 13:48:35 +0200},
	journal = {Electronic Communications in Probability},
	keywords = {stopping time, hitting time, progressively measurable, optional, predictable, debut theorem, section theorem},
	pages = {99--105},
	title = {The measurability of hitting times},
	url = {https://doi.org/10.1214/ECP.v15-1535},
	volume = {15},
	year = {2010},
	bdsk-url-1 = {https://doi.org/10.1214/ECP.v15-1535}}

@unpublished{scheutzow,
	address = {Berlin},
	author = {Michael Scheutzow},
	date-added = {2021-10-13 10:03:06 +0200},
	date-modified = {2021-10-13 10:49:51 +0200},
	note = {Lecture notes that can be found under the file name: \textit{Lecture Notes WT3}. Version from 2019-04-18},
	title = {Stochastic Processes II / Wahrscheinlichkeitstheorie III},
	url = {http://page.math.tu-berlin.de/~scheutzow/},
	urldate = {2021-10-14},
	year = {2019},
	bdsk-url-1 = {http://page.math.tu-berlin.de/~scheutzow/}}

@book{revuz,
	address = {Berlin Heidelberg},
	author = {Daniel Revuz AND Marc Yor},
	date-added = {2021-10-12 16:44:26 +0200},
	date-modified = {2021-10-12 17:21:19 +0200},
	edition = {3},
	publisher = {Springer-Verlag},
	series = {Grundlehren der mathematischen Wissenschaften},
	title = {Continuous Martingales and Brownian Motion},
	year = {1999}}

@book{AE_analysis3,
	address = {Basel},
	author = {Herbert Amann and Joachim Escher},
	date-added = {2021-10-07 10:50:22 +0200},
	date-modified = {2021-10-20 14:15:52 +0200},
	edition = {2},
	publisher = {Birkh{\"a}user Verlag},
	read = {0},
	series = {Grundstudium Mathematik},
	title = {Analysis III},
	year = {2008}}

@book{elstrodt,
	address = {Berlin, Heidelberg},
	author = {J{\"u}rgen Elstrodt},
	date-added = {2021-10-01 09:43:10 +0200},
	date-modified = {2021-10-01 09:48:11 +0200},
	edition = {8},
	publisher = {Springer Spektrum},
	title = {Ma{\ss}- und Integrationstheorie},
	year = {2018}}

@book{counter_in_topology,
	address = {Mineola, New York},
	author = {Lynn Arthur Steen and J. Arthur Seebach Jr.},
	date-added = {2021-09-27 16:40:34 +0200},
	date-modified = {2021-10-07 11:06:29 +0200},
	edition = {2},
	publisher = {Dover Publications},
	title = {Counterexamples in Topology},
	year = {1978}}

@book{willard,
	address = {Mineola, New York},
	author = {Stephen Willard},
	date-added = {2021-09-27 15:55:50 +0200},
	date-modified = {2021-09-27 15:58:52 +0200},
	publisher = {Dover Publications},
	series = {Addison-Wesley series in mathematics},
	title = {General Topology},
	year = {2004}}

@book{klenke,
	address = {Basel},
	author = {Achim Klenke},
	date-added = {2021-09-27 13:47:55 +0200},
	date-modified = {2021-09-27 13:51:58 +0200},
	publisher = {Springer International Publishing},
	series = {Universitext},
	title = {Probability Theory: A Comprehensive Course},
	year = {2020}}

@book{tammo_dieck,
	address = {Zurich},
	author = {Tammo tom Dieck},
	date-added = {2021-09-25 12:41:21 +0200},
	date-modified = {2021-09-25 12:52:48 +0200},
	publisher = {European Mathematical Society},
	series = {EMS Textbooks in Mathematics},
	title = {Algebraic Topology},
	year = {2010}}

@book{cite-key,
	author = {NAME},
	publisher = {NAME},
	series = {SERIE},
	title = {NAME},
	year = {year}}

@book{cohn,
	address = {Basel},
	author = {Donald Lee Cohn},
	date-modified = {2021-10-07 10:49:32 +0200},
	edition = {2},
	publisher = {Birkh{\"a}user Verlag},
	series = {Birkh{\"a}user Advanced Texts Basler Lehrb{\"u}cher},
	title = {Measure Theory},
	year = {2013}}
